
@MISC{metbis2013,
    author =    "Canal Mistercinco" ,
    title =     "METODO DE LA BISECCION. CÁLCULO NUMÉRICO" ,
    month = "February" ,
    year =      "2013" ,
    note =   "https://www.youtube.com/watch?v=dimOkJ6WZz0" ,
}


@MISC{wikibis,
   tittle    = "Método de bisección" ,
   note      = "http://es.wikipedia.org/wiki/M\'etodo\_de_bisecci\'on" ,
}

@MISC{algbis,
   title = "Algoritmo de bisección" ,
   howpublished = "PDF del aula virtual de la asignatura de Infórmatica" ,
   note = 
   }

